@article{runeson2009guidelines,
  title={Guidelines for conducting and reporting case study research in software engineering},
  author={Runeson, Per and H{\"o}st, Martin},
  journal={Empirical software engineering},
  volume={14},
  number={2},
  pages={131--164},
  year={2009},
  publisher={Springer}
}
@book{runeson2012case,
  title={Case study research in software engineering: Guidelines and examples},
  author={Runeson, Per and Host, Martin and Rainer, Austen and Regnell, Bjorn},
  year={2012},
  publisher={John Wiley \& Sons}
}